@book{SK15,
    author = "Stefan Kottwitz",
    title = "{\LaTeX} Cookbook",
    publisher = "Packt Publishing",
    year = 2015
}

@book{SK11,
    author = "Stefan Kottwitz",
    title = "{\LaTeX} Beginner's Guide",
    publisher = "Packt Publishing",
    year = 2011
}

@book{LIU13,
    author = "刘海洋",
    title = "{\LaTeX}入门",
    publisher = "电子工业出版社",
    year = 2013
}

@misc{BEAMER2011,
    author= "Rouben Rostamian",
    year  = 2011,
    title = "A Beamer Quickstart",
    note  = {\url{https://userpages.umbc.edu/~rostamia/beamer/}, 
        Last modified: Thu, Dec 15, 2011},
}